1398 2250
265 311 535 49 VOOREER
606 311 292 49 IGT.

97 567 179 29 Ondanks

375 567 170 33 vele,
489 567 114 33 en
527 567 151 33 somti\

744 565 157 40 bijna
831 565 296 40 onoverkomelijk

56 618 234 42 bezwaren,
236 618 126 42 aan
308 618 126 42 het
380 618 288 42 zamenstellea
614 618 126 42 van
686 618 126 42 een
758 618 234 42 Adresboek
920 618 216 42 verbonden,

950 675 149 27 door
1025 675 112 27 wel-

870 727 172 40 hunne
965 727 172 40 stadge

57 674 173 40 mogen
172 674 116 40 de
230 674 270 40 ondergetee
442 674 193 40 kenden
577 674 154 40 zich
654 674 212 40 verheugen

56 728 245 40 willende
239 728 306 40 medewerking
484 728 204 40 hierin
627 728 245 40 geholpen
790 728 61 40 —

55 783 189 39 nooten
187 783 245 39 eindelijk
376 783 132 39 dit
433 783 94 39 als

42 839 197 28 aanbieden.

556 783 160 36 eene
656 783 200 36 eerste
796 783 200 36 proeve
935 783 120 36 te
975 783 160 36 kunnen

125 890 159 33 Werd
224 890 159 33 toch
323 890 178 33 reeds
442 890 258 33 meermalen
641 890 139 33 van
720 890 337 33 verschillende
977 890 159 33 kanten

134 949 161 35 gemis
224 949 125 35 Inert

318 957 72 18 an

437 946 98 28 oeld

581 956 74 18 00
605 956 37 18 V

698 950 105 23 te
732 950 105 23 mee?

904 956 66 18 en

1020 948 28 7 •
1026 948 17 7 t

57 999 138 40 geen
143 999 224 40 nutteloos
315 999 138 40 werk
401 999 189 40 verrigt
539 999 103 40 te
573 999 155 40 hebben.

120 1053 125 44 Zij
192 1053 250 44 vertrouwen
388 1053 125 44 dan
459 1053 125 44 ook
530 1053 107 44 in
584 1053 107 44 de
638 1053 268 44 gelegenheid
852 1053 107 44 te
905 1053 178 44 zullen
1012 1053 125 44 zijn,

57 1109 205 42 hiervan
207 1109 242 42 jaarlijks
393 1109 149 42 eene
486 1109 186 42 nieuwe
617 1109 205 42 uitgave
766 1109 112 42 te
822 1109 186 42 kunnen
953 1109 186 42 maken,
1064 1109 75 42 en

61 1165 170 38 roepen
180 1165 187 38 hiertoe
316 1165 102 38 de
367 1165 289 38 ondersteuning
605 1165 119 38 van
673 1165 153 38 allen
758 1165 85 38 in.

125 1218 162 42 Werd
226 1218 142 42 aan
307 1218 122 42 de
368 1218 345 42 zamenstelling
652 1218 122 42 de
713 1218 183 42 meest
835 1218 264 42 mogelijke
1017 1218 122 42 zorg

57 1270 232 42 besteed,
231 1270 135 42 zij
308 1270 193 42 moeten
443 1270 135 42 het
521 1270 193 42 echter
656 1270 271 42 betreuren,
868 1270 135 42 dat
946 1270 174 42 onder
1042 1270 97 42 het

57 1325 242 42 afdrukken
244 1325 168 42 reeds
356 1325 186 42 eenige
486 1325 317 42 veranderingen
747 1325 186 42 plaats
878 1325 205 42 vonden,
1008 1325 131 42 welke

58 1379 127 40 tot
130 1379 127 40 hun
203 1379 236 40 leedwezen
384 1379 145 40 niet
475 1379 145 40 meer
565 1379 181 40 konden
692 1379 236 40 opgenomen
855 1379 163 40 worden.

120 1432 130 42 Met
195 1432 334 42 vrijmoedigheid
473 1432 185 42 wenden
602 1432 130 42 zij
677 1432 148 42 zich
769 1432 130 42 dus
843 1432 130 42 tot
918 1432 167 42 hunne
1010 1432 130 42 stad-

57 1487 231 42 genooten,
235 1487 124 42 met
306 1487 195 42 beleefd
447 1487 213 42 verzoek,
607 1487 124 42 hun
678 1487 124 42 van
749 1487 142 42 alle
838 1487 195 42 fouten,
979 1487 106 42 in
1015 1487 124 42 naam,

62 1541 247 41 woonplaats
257 1541 106 41 of
310 1541 247 41 betrekking
504 1541 177 41 kennis
628 1541 106 41 te
681 1541 177 41 willen
804 1541 177 41 geven,
928 1541 106 41 om
963 1541 177 41 hierdoor

60 1596 103 44 in
111 1596 103 44 de
163 1596 257 44 gelegenheid
368 1596 103 44 te
420 1596 206 44 geraken,
574 1596 120 44 dit
643 1596 103 44 in
694 1596 120 44 een
763 1596 291 44 verbeterblad,
1003 1596 120 44 dat
1054 1596 86 44 zij

61 1651 139 41 zich
148 1651 261 41 voorstellen
357 1651 122 41 zoo
426 1651 192 41 spoedig
565 1651 209 41 mogelijk
722 1651 122 41 het
792 1651 157 41 licht
896 1651 104 41 te
948 1651 139 41 doen
1018 1651 122 41 zien,

60 1707 109 38 te
114 1707 181 38 kunnen
223 1707 181 38 opnemen.

125 1759 203 43 Beleefd
272 1759 166 43 wordt
383 1759 148 43 deze
475 1759 277 43 onderneming
697 1759 111 43 in
752 1759 111 43 de
808 1759 314 43 ondersteuning
1048 1759 92 43 van

114 1814 120 29 ’/<
182 1814 239 29 aanbevolen
353 1814 103 29 door

792 1890 115 21 DE
830 1890 230 21 UITGEVERS.

101 1951 185 29 Utrecht,
239 1951 108 29 Mei
285 1951 108 29 1860.
