1398 2250
314 313 724 359 VOOREER
743 311 898 356 IGT.

137 567 276 596 Ondanks

394 567 451 595 vele
459 576 467 599 ,
511 576 544 593 en
586 569 677 594 somti\

761 566 840 603 bijna
882 566 1121 604 onoverkomelijk
1123 581 1126 590 -

74 622 220 650 bezwaren
230 631 237 655 ,
259 631 314 648 aan
336 621 383 648 het
405 620 605 649 zamenstellea
631 630 683 648 van
707 630 754 647 een
777 620 942 648 Adresboek
963 620 1120 649 verbonden
1129 644 1136 656 ,

969 675 1039 702 door
1070 676 1137 702 wel-

889 728 983 756 hunne
1020 729 1137 766 stadge-

76 687 171 714 mogen
213 677 247 703 de
285 676 451 713 ondergetee
454 675 560 702 kenden
602 675 662 702 zich
710 674 866 710 verheugen

76 731 204 759 willende
249 730 451 766 medewerking
497 729 588 756 hierin
628 729 766 765 geholpen
812 744 851 748 —

74 788 178 813 nooten
220 784 356 821 eindelijk
397 784 441 811 dit
484 783 527 810 als

75 839 239 867 aanbieden.

576 792 641 810 eene
685 785 776 809 eerste
810 792 918 818 proeve
957 785 985 810 te
1024 783 1135 811 kunnen

145 893 234 920 Werd
271 893 335 920 toch
375 893 455 920 reeds
495 893 657 919 meermalen
700 902 751 919 van
791 891 994 920 verschillende
1030 892 1136 919 kanten

152 957 240 984 gemis
272 949 349 975 Inert

354 957 390 975 an

469 946 534 974 oeld

593 956 625 974 00
629 957 642 974 V

715 950 742 973 te
771 956 837 973 mee?

937 956 970 974 en

1026 948 1030 953 •
1038 948 1043 955 t

74 1012 144 1039 geen
166 1002 309 1029 nutteloos
339 1001 414 1029 werk
436 1002 545 1037 verrigt
567 1004 594 1028 te
616 1000 728 1028 hebben.

138 1057 186 1094 Zij
218 1060 396 1084 vertrouwen
425 1056 480 1083 dan
504 1056 557 1082 ook
585 1056 613 1083 in
636 1056 670 1083 de
688 1055 873 1092 gelegenheid
893 1059 921 1083 te
945 1056 1038 1083 zullen
1061 1059 1120 1093 zijn
1130 1079 1137 1091 ,

76 1113 195 1141 hiervan
218 1112 363 1150 jaarlijks
393 1121 458 1139 eene
486 1112 591 1138 nieuwe
619 1112 733 1147 uitgave
761 1114 790 1137 te
818 1110 931 1137 kunnen
960 1110 1059 1138 maken
1069 1121 1076 1144 ,
1104 1121 1139 1138 en

78 1176 180 1203 roepen
203 1167 312 1194 hiertoe
333 1167 367 1194 de
388 1166 609 1201 ondersteuning
632 1175 686 1192 van
709 1165 782 1191 allen
807 1165 843 1192 in.

145 1221 233 1249 Werd
274 1230 327 1247 aan
367 1222 400 1247 de
439 1220 653 1255 zamenstelling
693 1219 727 1246 de
765 1222 851 1245 meest
890 1218 1039 1255 mogelijke
1071 1229 1139 1256 zorg

76 1276 192 1304 besteed
198 1284 205 1308 ,
251 1276 291 1311 zij
327 1278 433 1301 moeten
469 1273 517 1300 het
552 1273 648 1300 echter
683 1272 833 1299 betreuren
841 1272 848 1306 ,
881 1272 933 1299 dat
971 1272 1059 1299 onder
1091 1273 1139 1300 het

76 1329 244 1367 afdrukken
275 1328 355 1355 reeds
383 1328 477 1363 eenige
508 1327 731 1362 veranderingen
758 1327 862 1362 plaats
895 1326 1004 1354 vonden
1011 1336 1019 1360 ,
1052 1327 1139 1355 welke

76 1388 122 1412 tot
144 1385 201 1412 hun
223 1383 375 1410 leedwezen
401 1383 459 1409 niet
481 1390 554 1408 meer
576 1381 685 1408 konden
707 1390 876 1416 opgenomen
898 1380 1018 1408 worden.

139 1437 204 1465 Met
233 1434 467 1473 vrijmoedigheid
493 1435 604 1462 wenden
634 1437 674 1472 zij
702 1434 765 1461 zich
793 1434 846 1462 dus
876 1438 921 1462 tot
943 1435 1036 1463 hunne
1057 1436 1127 1462 stad
1127 1452 1140 1456 -

75 1494 229 1528 genooten,
251 1495 306 1518 met
325 1491 438 1528 beleefd
458 1490 575 1517 verzoek
583 1489 590 1522 ,
613 1489 670 1517 hun
694 1498 746 1516 van
770 1489 825 1516 alle
841 1490 949 1526 fouten
958 1490 965 1524 ,
988 1490 1017 1517 in
1039 1499 1122 1517 naam
1132 1512 1139 1524 ,

80 1545 256 1582 woonplaats
278 1545 318 1581 of
334 1544 500 1580 betrekking
527 1544 626 1571 kennis
649 1547 676 1570 te
699 1543 790 1571 willen
815 1553 903 1579 geven
911 1553 918 1578 ,
941 1553 983 1571 om
1006 1543 1140 1571 hierdoor

77 1601 108 1628 in
137 1601 170 1627 de
196 1599 380 1635 gelegenheid
397 1603 424 1626 te
440 1598 564 1634 geraken
574 1598 581 1630 ,
603 1598 648 1626 dit
670 1599 697 1626 in
721 1607 769 1625 een
791 1598 1003 1632 verbeterblad,
1026 1598 1078 1625 dat
1100 1602 1140 1636 zij

79 1655 141 1682 zich
170 1654 340 1682 voorstellen
370 1663 419 1680 zoo
448 1653 564 1688 spoedig
593 1652 725 1690 mogelijk
753 1652 802 1679 het
827 1653 899 1680 licht
921 1657 949 1681 te
970 1653 1040 1680 doen
1063 1655 1125 1681 zien
1134 1676 1140 1688 ,

78 1712 107 1736 te
130 1708 241 1736 kunnen
264 1717 404 1744 opnemen.

143 1762 265 1798 Beleefd
291 1762 383 1789 wordt
415 1762 482 1788 deze
511 1762 709 1797 onderneming
733 1762 759 1787 in
784 1761 817 1787 de
839 1761 1060 1798 ondersteuning
1086 1772 1140 1789 van

131 1825 153 1843 ’/<
186 1815 354 1842 aanbevolen
387 1816 456 1842 door

811 1893 851 1910 DE
873 1891 1060 1911 UITGEVERS.

116 1951 229 1979 Utrecht,
249 1951 296 1974 Mei
319 1951 393 1975 1860.
